@misc{Hjort-Jensen,
	author = "Morten Hjort-Jensen",
	title = "Computational physics",
	howpublished = "lecture notes",	
	year = "2015",
	note = "Accessible at course github repository."
}

@misc{Johansson,
	author = "Anders Johansson",
	title = "Autogenerating tables",
	howpublished = "Piazza note",
	year = "2018",
	note = "Accessible at Piazza class FYS3150."
}

@misc{ODE,
	author = "Morten Hjort-Jensen",
	title = "Ordinary differential equations",
	howpublished = "lecture notes",	
	year = "2018",
	note = "Accessible at course github repository"
}

@misc{fys4150,
	author = "Morten Hjort-Jensen",
	title = "GitHub FYS4150 UiO",
	howpublished = "Computational Physics Lectures",
	year= "2018"	
	url = "https://github.com/CompPhysics/ComputationalPhysics"
}
